3484 5700
1221 830 1270 891 s.
1303 838 1598 893 EDwAnn
1643 838 1783 891 11111
1826 840 2219 893 coNrEssoa.
2630 824 2759 891 415

591 1012 594 1017 ’
667 1014 918 1105 agebat.
931 1058 940 1067 --
1027 1016 1218 1083 Tales
1263 1038 1518 1103 quoque
1563 1018 1911 1083 abbatibus
1956 1022 2023 1083 et
2066 1018 2395 1083 monachis
2438 1018 2627 1107 regni
2670 1016 2771 1085 sui

667 1120 742 1185 in
779 1118 1074 1207 exemplo
1115 1140 1248 1185 esse
1285 1124 1366 1185 ut
1391 1120 1556 1203 pius
1591 1124 1781 1205 pater
1802 1116 2147 1199 monebat,
2186 1120 2419 1205 quibus
2454 1122 2775 1185 recentior

509 1226 642 1293 900
667 1227 738 1288 et
801 1224 886 1287 ob
949 1224 1072 1287 hoc
1133 1224 1348 1287 minus
1411 1222 1636 1285 stricta
1687 1222 2051 1287 monastica
2092 1222 2321 1305 religio
2366 1224 2769 1311 pervenerat.

671 1326 860 1391 Inter
917 1326 1060 1411 ipsa
1121 1324 1492 1389 divinorum
1537 1324 1997 1407 mysteriorum
2050 1328 2119 1389 et
2170 1324 2515 1389 missarum
2566 1344 2771 1389 sacro—

667 1434 896 1493 sancta
961 1426 1172 1491 officia
1237 1428 1482 1513 agnina
1549 1426 2049 1491 mansuetudine
2086 1424 2351 1505 stabat,
2418 1430 2487 1489 et
2552 1430 2771 1491 mente

667 1530 1024 1617 tranquilla
1069 1530 1316 1599 cunctis
1367 1528 1670 1595 fidelibus
1723 1528 2093 1617 spectabilis
2140 1526 2547 1607 Christicola,
2600 1530 2773 1593 inter

671 1644 842 1717 quse,
911 1632 1042 1695 nisi
1119 1632 1668 1719 interpellaretur,
1729 1632 2081 1705 ‘rarissime
2172 1632 2277 1705 6111
2364 1630 2767 1717 loquebatur.
2874 1666 2879 1669 ·

507 1726 640 1791 905
671 1734 824 1821 Ipsa
889 1756 1144 1821 quoque
1207 1736 1522 1821 regalium
1591 1740 2117 1801 ornamentorum
2186 1756 2423 1821 pompa
2486 1756 2615 1819 qua
2690 1756 2773 1797 cx

669 1836 876 1901 officio
919 1828 1120 1923 regiae
1165 1838 1390 1901 uxoris
1437 1858 1584 1901 61166
1607 1836 2051 1917 ambiebatur,
2090 1836 2291 1901 tacite
2338 1842 2407 1901 et
2450 1840 2771 1923 tempora-

667 1942 834 2017 liter,
897 1940 1128 2025 utique
1201 1940 1362 2005 satis
1439 1962 1761 2027 expresse·
1812 1938 2059 2005 dictum
2122 1938 2237 2019 sit,
2284 1938 2497 2005 ‘nulla
2570 1940 2771 2005 animi

665 2042 1100 2107 delectatione
1159 2040 1490 2121 utebatur,
1533 2046 1610 2107 et
1663 2062 1799 2105 non
1850 2046 2107 2107 curaret
2154 2042 2497 2127 quicquam
2540 2044 2597 2107 si
2640 2064 2773 2107 non

669 2148 858 2209 tanto
949 2148 1218 2231 sumptu
1309 2132 1408 2209 illi-
1495 2146 2147 2209 amministrarentur.
2282 2136 2801 2209 Officiositatem‘

511 2236 644 2301 910
667 2250 892 2313 tamen
941 2248 1146 2331 ipsius
1189 2248 1432 2331 reginae
1483 2250 1742 2333 gratam
1786 2248 1859 2311 in
1898 2236 2141 2311 talibus
2186 2244 2483 2323 ducebat,
2518 2252 2585 2311 et
2630 2248 2771 2331 qui-

667 2350 942 2415 busdam
1005 2350 1530 2415 familiarioribus
1581 2350 1929 2415 sedulitate
1974 2350 2111 2433 ejus
2156 2350 2227 2413 in
2270 2350 2579 2435 plurimas
2606 2338 2767 2435 'gra—

661 2452 792 2515 -tias
837 2472 988 2517 cum
1033 2452 1314 2537 quadam
1373 2444 1612 2517 mentis
1655 2452 2063 2535 benignitate
2108 2452 2487 2515 annotabat.
2600 2450 2767 2515 Pau-

667 2554 930 2639 peribus
975 2558 1074 2619 -et
1163 2574 1426 2639 corpore
1507 2552 1831 2619 debilibus
1918 2554 2129 2619 multa
2216 2552 2765 2619 condescendebat

663 2656 1120 2735 misericordia,
1175 2660 1244 2721 et
1287 2656 1454 2721 tales
1497 2678 1692 2741 quam
1748 2656 1961 2743 plures
2022 2676 2155 2721 non
2216 2656 2425 2721 solum
2476 2656 2767 2743 quotidie

515 2752 640 2815 915
667 2760 740 2823 in
799 2780 922 2823 sua·
973 2760 1192 2848 regali·
1239 2760 1434 2835 curia,
1481 2780 1710 2823 verum
1756 2780 1875 2845 per
1926 2760 2209 2845 plurima
2252 2760 2437 2848 regni
2482 2748 2607 2823 sui*
2628 2760 2767 2823 loca
2834 2784 2895 2848 p.
2928 2766 3033 2829 22.

663 2863 756 2926 -ad
807 2863 1178 2926 necessaria
1243 2863 1402 2926 vitae
1469 2863 1757 2926 habebat
1824 2863 2177 2946 dispendia.
2290 2861 2629 2926 Postremo
2694 2863 2767 2926 in
2790 2875 2971 2926 Habits
2994 2879 3055 2926 of

669 2963 1158 3050 quibuscunque
1217 2963 1406 3028 bonis
1465 2965 1600 3048 ipse
1645 2965 1877 3048 praeire
1920 2965 2213 3050 parabat,
2258 2965 2439 3050 regia
2482 2965 2765 3050 conjunx
2788 2943 2877 2994 the
2898 2959 3077 3010 queen.

667 3087 844 3130 eum.
877 3087 1012 3130 non
1071 3065 1462 3142 retrahebat,
1531 3065 1642 3130 sed
1707 3067 1925 3152 potius
1992 3065 2079 3130 ad
2144 3071 2543 3152 provectum·
2586 3073 2765 3130 ante-
2848 3105 2855 3110 ·

665 3169 904 3232 11016111
945 3167 1348 3244 hortabatur,
1395 3169 1771 3254 plerumque
1804 3169 2033 3232 ‘etiam
2084 3166 2247 3254 ips-‚al
2294 3169 2525 3254 praeire
2584 3169 2765 3234 vide-

515 3265 644 3328 920
667 3271 880 3336 batur.
971 3271 1148 3334 Nam
1193 3293 1340 3334 611111
1381 3271 1520 3356 ipse
1565 3271 1895 3336 interdum
1940 3271 2141 3346 daret,
2188 3271 2303 3334 illa
2342 3271 2759 3356 largiebatur,

669 3379 738 3438 et
775 3373 1122 3438 honestate
1171 3373 1336 3436 hanc
1375 3373 1761 3438 intendebat
1820 3373 2247 3460 largitionem,
2310 3375 2391 3436 ut
2452 3373 2537 3436 ad
2594 3375 2765 3458 regis

671 3499 928 3562 quoque
1001 3473 1354 3562 plurimum
1429 3479 1753 3562 spectaret
1824 3475 2149 3538 honorem.
2266 3473 2393 3538 Oui
2468 3497 2615 3540 cum
2682 3497 2765 3540 ex

669 3601 846 3642 more
909 3583 978 3644 et
1039 3577 1192 3662 jure
1255 3579 1438 3664 regia
1509 3575 1690 3642 sedes
1754 3577 2009 3640 assidue
2076 3579 2421 3662 pararetur
2482 3599 2523 3640 a
2594 3577 2765 3662 regis

667 3679 886 3758 latere,
927 3685 1186 3766 praeter·
1213 3679 1538 3744 ecclesiam
1581 3683 1654 3742 et
1697 3679 1979 3764 regalem
2014 3699 2305 3742 mensam
2350 3677 2639 3742 malebat
2680 3679 2765 3742 ad

511 3775 644 3840 925
667 3783 862 3870 pedes
905 3781 1108 3868 ipsius
1141 3779 1378 3862 sedere,
1423 3781 1564 3844 nisi·
1585 3781 1755 3846 forte
1800 3773 2065 3844 manum
2110 3781 2207 3844 illi
2250 3781 2625 3868 porrigeret,
2656 3781 2763 3846 vel

667 3889 838 3948 nutu
905 3883 1192 3962 dexterae
1257 3883 1460 3968 juxta
1533 3905 1600 3946 se
1669 3883 1757 3948 ad
1818 3883 2171 3948 'sedendum
2238 3883 2553 3950 invitaret
2608 3871 2761 3948 ⁹sive

671 3991 938 4074 cogeret.
1029 3987 1394 4066 Mulierem,
1441 3977 1747 4072 inquam,
1780 3987 2029 4052 cunctis
2072 3987 2403 4076 nobilibus
2446 3987 2761 4052 matronis

671 4091 808 4156 sive
873 4091 1070 4176 regiae
1135 4095 1204 4156 et
1265 4089 1710 4176 imperatoriae?
1744 4083 2101 4176 dignitatis
2168 4091 2457 4176 personis
2516 4091 2589 4152 in
2648 4107 2759 4154 ex-

669 4191 880 4276 emplo
949 4193 1220 4258 virtutis
1285 4195 1354 4256 et
1429 4193 1793 4258 honestatis
1866 4193 2401 4276 anteponendam,
2470 4195 2609 4254 tam
2658 4191 2759 4252 ad

511 4283 646 4348 930
675 4291 1032 4358 Christiani
1061 4293 1272 4356 cultus
1307 4291 1682 4378 religionem
1695 4289 1720 4328 2
1752 4291 1947 4376 quam
1986 4293 2071 4356 ad
2086 4335 2089 4340 -
2106 4293 2335 4356 mundi
2366 4291 2757 4376 dignitatem

637 4413 640 4416 ’
673 4393 1072 4460 servandam.
1169 4393 1424 4472 Quibus
1475 4407 1624 4456 cum
1675 4397 1873 4456 tanta
1930 4393 2003 4456 in
2046 4395 2305 4456 terreno
2352 4413 2551 4480 regno
2598 4395 2753 4456 arri-

663 4495 856 4562 deret
937 4495 1346 4582 prosperitas,
1437 4495 1769 4560 interdum
1852 4497 2091 4560 tamen
2176 4513 2261 4576 ex
2308 4561 2311 4566 ,
2350 4495 2753 4582 quorundam

1832 4695 2009 4702 ψ
2012 4695 2743 4702 „ma———ffmmss—
2778 4689 2789 4698 ⁸

805 4823 822 4854 ¹
845 4819 958 4874 MS.
985 4823 1100 4886 ipse.
1713 4881 1716 4884 ⁴
1760 4823 1781 4850 2
1804 4819 1915 4872 MS.
1948 4819 2221 4898 inserts-ad
2240 4821 2409 4876 before
2430 4821 2709 4890 religationem„
