3484 5700
1171 844 1222 893 s,
1255 844 1548 895 EDWARD
1597 846 1732 897 THE
1782 820 2177 903 CONFESSOR.
2480 896 2487 903 ,
2588 830 2719 901 417

643 1016 736 1083 cis
781 1018 1100 1085 debemus,
1193 1018 1552 1083 Redeamus
1595 1020 1859 1083 interim
1902 1020 1987 1083 ad
2024 1040 2237 1105 regem
2278 1020 2715 1085 Aedwardum

641 1122 904 1207 ejusque
941 1122 1186 1207 regiam
1229 1120 1564 1205 conjugem
1609 1118 1915 1205 Aedgith',
1954 1120 2057 1183 cui
2098 1110 2501 1203 potissimum
2542 1142 2713 1185 nunc

483 1224 614 1297 970
637 1220 758 1287 hac
839 1224 1228 1287 famulamur
1327 1220 1749 1305 descriptione
1838 1220 2237 1305 praecedenti,
2314 1226 2381 1285 et
2436 1226 2711 1305 quanto

635 1324 850 1389 studio
919 1324 1324 1389 devotionem
1401 1322 1556 1389 fidei
1623 1344 1757 1389 suae
1832 1320 2239 1387 exhibuerint
2312 1320 2383 1385 in
2456 1322 2709 1387 ecclesia

635 1426 882 1491 Christi
919 1446 1036 1509 pro
1081 1446 1264 1509 posse
1309 1430 1376 1491 et
1425 1446 1610 1491 nosse
1651 1428 1873 1491 nostro
1908 1422 2309 1509 explicemus,
2356 1424 2705 1509 adjuvante

629 1528 842 1611 gratia
885 1530 952 1593 et
993 1526 1450 1613 propitiatione
1497 1526 1636 1593 Dei.

707 1628 928 1695 Extra
971 1650 1186 1695 muros
1231 1630 1412 1695 urbis
1465 1630 1823 1711 Lundoniae
1884 1650 2077 1715 supra
2134 1628 2513 1715 praedictum
2570 1650 2703 1693 am-
2726 1652 2959 1707 Restora-

473 1734 598 1807 975
625 1754 776 1797 116111
821 1730 1114 1797 Temesin
1157 1738 1296 1797 erat
1355 1734 1811 1825 monasterium
1856 1726 1927 1797 in
1970 1734 2207 1797 honore
2264 1732 2439 1797 beati
2504 1730 2695 1809 Petri,
2722 1720 2989 1843 ξξὲἓεῗὲἰᾙ-

625 1844 826 1917 parvo
895 1834 1154 1917 quidem
1219 1854 1408 1917 opere
1471 1838 1540 1899 ct
1599 1854 1881 1911 numerO,
1928 1834 2333 1919 paucioribus
2396 1832 2491 1897 ibi
2534 1846 2697 1899 'con-
2720 1858 2833 1905 ster.
2952 1846 2957 1851 ’

621 1934 904 2019 gregatis
971 1934 1300 2001 monachis
1363 1936 1482 1999 sub
1549 1936 1781 2001 abbate
1838 1934 1913 1999 in
1958 1934 2221 2001 servitio
2268 1934 2549 2017 Christi3
2594 1956 2693 1999 res

621 2058 874 2121 quoque
903 2046 1144 2121 ‘eorum
1201 2036 1426 2103 usibus
1483 2058 1524 2101 a
1565 2036 1867 2101 fidelibus
1924 2038 2095 2103 datae
2138 2044 2363 2103 tenues
2430 2040 2497 2101 et
2538 2038 2693 2121 ipsae

621 2142 806 2203 erant
879 2138 952 2201 in
1015 2124 1594 2215 amministratione
1655 2138 1869 2203 victus
1928 2138 2305 2223 quotidiani.
2398 2138 2695 2203 Intendit

467 2244 594 2307 980
621 2260 772 2325 ergo
803 2238 942 2305 Deo
985 2240 1258 2305 devotus
1299 2262 1414 2305 rex
1447 2240 1660 2303 locum
1701 2238 1905 2317 illum,
1936 2244 2079 2303 tum
2108 2240 2395 2305 vicinum
2438 2240 2697 2305 famosae

619 2346 688 2405 et
767 2342 1090 2427 opulentas
1165 2342 1330 2419 urbi,
1405 2346 1550 2407 tum
1631 2340 1817 2407 satis
1856 2342 2141 2427 apricum
2214 2364 2297 2405 ex
2372 2342 2701 2427 circumja-

619 2446 910 2511 centibus
975 2446 1266 2511 fecundis
1311 2446 1504 2511 terris
1561 2452 1630 2511 et
1687 2446 2119 2511 viridantibus
2178 2448 2453 2531 praediis,
2504 2452 2701 2531 atque

615 2546 910 2631 proximo
969 2548 1236 2613 decursu
1295 2546 1662 2633 principalis
1705 2546 1895 2611 fluvii
1936 2570 1979 2611 a
2026 2552 2165 2613 toto
2228 2548 2379 2613 orbe
2438 2550 2703 2613 ferentis

617 2650 1064 2715 universarum
1109 2648 1436 2713 venalium
1463 2658 1694 2713 ‘rerum
1739 2650 2021 2733 copiosas
2092 2670 2331 2715 merces
2398 2650 2701 2733 subjectae

465 2754 590 2817 985
619 2750 888 2825 civitati,
997 2750 1404 2835 potissimum
1497 2754 1714 2813 autem
1800 2750 1885 2815 ob
1964 2772 2245 2815 amorem
2332 2752 2703 2835 principalis

619 2853 916 2940 Apostoli
981 2875 1184 2944 quem⁴
1239 2853 1478 2916 affectu
1541 2851 1791 2916 colebat
1832 2851 2021 2916 unico
2082 2857 2147 2916 et
2200 2853 2473 2938 speciali,
2518 2853 2703 2938 eligit

615 2953 712 3018 ibi
767 2953 1002 3018 habere
1077 2953 1204 3018 sibi
1255 2953 1468 3018 locum
1537 2953 1867 3040 sepulchri.
1982 2952 2283 3040 Praecipit
2336 2953 2567 3020 deinde
2598 2967 2705 3016 ’ex

617 3055 878 3120 decimis
931 3055 1218 3120 omnium
1269 3053 1600 3118 redituum
1645 3075 1909 3120 suorum
1958 3055 2207 3120 initiari
2252 3077 2411 3140 opus
2468 3055 2705 3120 nobilis

615 3155 886 3234 aedificii,
943 3157 1118 3242 quod
1171 3157 1420 3222 deceret
1465 3155 1925 3240 Apostolorum
1982 3157 2351 3242 principem,
2400 3157 2705 3240 quatinus

461 3261 590 3326 990
615 3257 970 3344 propitium
1031 3257 1156 3322 sibi
1201 3255 1488 3342 parm-etl.
1533 3257 1751 3322 Deum
1794 3261 1943 3344 post
1986 3259 2181 3342 hujus
2224 3259 2387 3340 vitae
2446 3279 2705 3322 cursum

613 3358 896 3438 labilem,
959 3365 1028 3424 et
1087 3379 1204 3444 pro
1265 3361 1480 3444 gratia
1553 3359 1817 3442 pietatis
1880 3381 2013 3424 suae
2076 3361 2159 3422 et‘
2204 3379 2321 3442 pro
2380 3357 2703 3424 oblatione

613 3459 1004 3546 praediorum
1047 3465 1114 3526 et
1159 3465 1682 3526 ornamentorum
1723 3461 1959 3544 quibus
2002 3459 2277 3526 eundem
2320 3459 2531 3522 locum
2576 3459 2705 3522 dis-

489 3573 494 3580 ’
613 3565 812 3646 ponit.
871 3563 1228 3628 nobilitare.
1347 3563 1456 3626 Ad
1543 3561 1710 3646 regis
1786 3561 2005 3646 itaque
2078 3565 2471 3646 praeceptum
2546 3581 2705 3646 opus

613 3665 924 3730 nobiliter
967 3669 1254 3748 coeptum
1299 3663 1574 3728 feliciter
1615 3667 2037 3748 praeparatur,
2078 3685 2195 3726 nec
2234 3663 2525 3748 impensa
2568 3663 2705 3726 sive

459 3769 586 3834 995
613 3765 1046 3850 impendenda
1103 3769 1472 3850 pensantur,
1521 3763 1871 3828 dummodo
1916 3763 2057 3828 Deo
2118 3769 2185 3828 et
2250 3765 2441 3830 beato
2474 3777 2479 3780 '
2510 3763 2705 3828 Petro

615 3865 888 3952 dignum
935 3871 1000 3932 et
1061 3871 1396 3952 acceptum
1451 3865 1775 3952 probetur.
1868 3865 2247 3952 Principalis
2294 3889 2423 3932 arae
2450 3883 2453 3888 ·
2478 3867 2705 3932 domus

613 3967 942 4034 altissimis
985 3973 1198 4034 erecta
1233 3967 1588 4032 fornicibus
1633 3967 1949 4054 quadrato
1996 3991 2183 4054 opere
2226 3969 2495 4054 parique
2536 3991 2707 4042 com-

613 4069 886 4134 missura
977 4069 1558 4150 circumvolvitur3
1657 4069 1873 4134 abitus
1946 4075 2165 4136 autem
2254 4069 2499 4156 ipsius⁴
2546 4069 2707 4134 aedis

613 4171 898 4256 dupplici
959 4171 1248 4256 lapidum
1309 4195 1462 4238 arcu
1503 4189 1606 4238 ‘ex
1663 4177 1939 4258 utroque
1982 4173 2181 4236 latere
2238 4171 2393 4234 hinc
2428 4173 2503 4234 ,61)
2552 4169 2705 4234 inde

419 4277 588 4340 1000
613 4267 868 4336 fortiter
913 4271 1192 4336 solidata
1243 4273 1452 4356 operis
1495 4293 1803 4356 compage
1848 4273 2207 4336 clauditur·
2294 4269 2493 4334 Porro
2542 4291 2705 4348 crux

613 4369 868 4456 templs
897 4393 1046 4456 quae
1089 4373 1378 4438 medium
1423 4373 1795 4438 canentium
1826 4371 1967 4438 Deo
2012 4373 2279 4436 chorum
2306 4369 2603 4454 ambiret,
2624 4375 2705 4434 ‚et

613 4471 714 4536 sui
773 4473 1032 4558 gemina
1095 4463 1248 4550 hinc
1333 4477 1402 4538 et
1459 4471 1612 4538 inde
1679 4463 2149 4538 sustentatione
2208 4471 2439 4536 mediae
2504 4459 2705 4538 turris

613 4575 850 4638 celsum
931 4573 1178 4660 apicem
1261 4575 1534 4654 fulciret,
1611 4575 1847 4638 humili
1924 4575 2207 4660 primum
2256 4579 2357 4642 ‚et
2438 4575 2707 4642 robusta

881 4755 896 4784 ¹
919 4753 1034 4808 MS.
1051 4763 1292 4820 parav-cet.
1707 4759 1726 4788 ²
1748 4757 1829 4808 i.e.
1862 4757 1967 4808 The
1988 4765 2229 4826 transepts
2246 4761 2349 4810 and
2360 4759 2507 4810 cheir.

2304 4845 2351 4892 D
2384 4845 2433 4894 D
