3484 5700
377 1558 646 1607 character

377 1624 436 1671 of
451 1622 680 1679 Godwin.

367 2668 466 2745 fiis
487 2682 590 2717 ser·-

367 2748 520 2809 vices,

373 3175 472 3224 and
493 3175 584 3224 ho·

369 3255 536 3292 murs·
601 3279 604 3284 -

371 3481 456 3530 He
475 3479 690 3530 marries.

377 3545 548 3596 Cnut's

373 3609 514 3658 sister
541 3611 666 3676 [411-

373 3675 514 3742 law}

439 3991 500 4054 p.
531 3973 590 4046 3.

705 738 842 813 392·
1593 756 1749 805 Liri:
1794 756 1881 805 or

1593 928 1901 1017 [Poma]

799 1056 924 1121 Nil
963 1056 1128 1119 mihi
1169 1056 1422 1143 gratius
1465 1060 1566 1119 est
1607 1056 1841 1119 horum
1886 1074 2083 1139 quam
2126 1052 2337 1121 dicere
2380 1056 2611 1121 laudes.

887 1156 954 1219 A
997 1156 1232 1241 quibus
1273 1162 1342 1221 et
1381 1156 1666 1241 primum
1705 1158 2015 1241 protegor
2056 1176 2099 1219 a
2140 1156 2423 1221 domina.

793 1256 994 1323 Nunc
1033 1256 1462 1343 accingamus,
1507 1256 1624 1323 sed
1665 1254 1985 1323 nobiliore
2028 1254 2387 1337 cothurn03

883 1356 1112 1443 thue
1153 1380 1378 1423 mones
1421 1380 1610 1443 proso
1653 1356 1923 1423 tramite
1964 1368 2165 1445 pergo
2206 1358 2409 1423 viam.
2494 1406 2497 1409 -

791 1548 1026 1611 'VIRGA
1067 1548 1402 1635 ae'quitatis
1455 1548 1582 1611 Dei
1639 1548 1761 1611 ubi
1804 1548 1981 1633 quod
2042 1548 2171 1611 sibi
2232 1548 2649 1633 displicuerat
2714 1548 2785 1609 in
2852 1560 2939 1623 95

701 1648 942 1733 populo
1007 1648 1282 1713 detersit
1361 1668 1480 1733 per
1535 1668 1903 1733 pressuram
1960 1646 2317 1725 Danorum,
2386 1664 2789 1733 regnumque

703 1748 898 1815 cessit
941 1748 1162 1815 Cnuto
1221 1748 1362 1833 regi
1421 1748 1604 1813 vario
1667 1752 1911 1815 eventu
1966 1748 2303 1827 bellorum,
2348 1748 2525 1813 inter
2582 1758 2789 1815 novos

703 1848 928 1935 adepti
969 1848 1154 1935 regni
1195 1848 1516 1935 principes
1557 1850 1738 1935 regio
1766 1850 1999 1915 ascitos
2026 1850 2235 1929 lateri,
2282 1850 2387 1915 hic
2432 1848 2789 1915 Godwinus

703 1950 890 2035 cujus
931 1970 1128 2035 supra
1169 1942 1598 2031 meminimus,
1641 1956 1791 2015 cum
1852 1950 2121 2015 consilio
2170 1950 2593 2029 cautissimus,
2640 1956 2789 2015 tum

703 2050 952 2115 bellicis
995 2052 1186 2115 rebus
1231 2052 1314 2115 ab
1371 2052 1512 2137 ipso
1555 2074 1708 2139 rege
1766 2052 2081 2139 probatus
2144 2058 2243 2117 est
2288 2052 2789 2117 strenuissimus.
2816 2064 2945 2125 100

709 2152 876 2217 Erat
919 2172 1178 2237 quoque
1219 2174 1476 2217 morum
1519 2138 1899 2237 aequalitate
1940 2156 2081 2217 tam
2126 2154 2379 2217 cunctis
2422 2144 2643 2239 quain
2662 2154 2789 2241 ipsi

705 2256 850 2339 regi
877 2254 1296 2339 gratissimus,
1331 2254 1588 2319 assiduo
1631 2254 1871 2319 laboris
1914 2254 2209 2319 accinctu
2252 2254 2787 2341 incomparabilis,

697 2356 988 2439 jocunda
1033 2360 1102 2421 et
1163 2352 1424 2439 promta
1465 2354 1853 2421 affabilitate
1916 2354 2219 2419 omnibus
2278 2354 2569 2421 affabilis.
2660 2354 2791 2419 Vo-

705 2456 1006 2519 cantibus
1051 2460 1270 2521 autem
1301 2454 1688 2541 quibusdam
1717 2456 1909 2541 ‘regni
1952 2456 2467 2541 competentibus
2510 2456 2793 2543 negotiis
2888 2474 2903 2527 j

705 2564 926 2643 regem
951 2556 1048 2619 ‘in
1089 2560 1354 2641 gentem
1411 2556 1961 2635 suam‚—-absenti
2024 2556 2199 2621 enim
2258 2558 2571 2621 rebellare⁴
2606 2580 2795 2643 paraa
2818 2552 2945 2619 105

707 2660 944 2723 verant
985 2658 1146 2721 collo
1189 2658 1418 2723 effreni
1459 2652 1596 2741 ejus
1639 2658 1991 2721 abicientes
2048 2658 2795 2743 potentiam,--adhaesit

709 2780 922 2823 comes
965 2758 1342 2823 individuus
1383 2778 1502 2841 per
1553 2778 1813 2821 omnem
1870 2758 2063 2823 viam.
2156 2756 2289 2823 Hic
2332 2758 2469 2841 ejus
2512 2758 2795 2843 pruden-

705 2861 888 2938 tiam,
933 2859 1042 2924 hic
1101 2859 1398 2924 laborum
1463 2859 1913 2936 constantiam,
1958 2857 2067 2922 hic
2108 2859 2381 2924 virtutis
2438 2857 2791 2938 militiam,¹

705 2961 814 3026 hic
879 2959 1204 3026 attentius
1267 2965 1576 3046 expertus
1639 2965 1738 3026 est
1804 2959 1977 3022 idem
2052 2981 2173 3022 rex
2246 2961 2421 3024 tanti
2486 2961 2795 3044 principis

703 3061 1084 3142 valentiam,
1147 3083 1344 3146 quam
1417 3059 1777 3146 profundus
1838 3061 2111 3146 eloquio,
2176 3065 2245 3124 et
2308 3061 2367 3124 si
2450 3081 2601 3124 eum
2666 3061 2793 3124 sibi
2822 3063 2951 3124 110

705 3163 916 3228 artius
989 3163 1408 3248 asstringeret
1479 3163 1710 3246 quovis
1760 3161 2051 3232 ,decenti
2124 3161 2449 3240 beneficio,
2528 3165 2791 3246 quantae

709 3265 1188 3330 commoditatis
1231 3265 1358 3328 sibi
1399 3263 1568 3330 foret
1625 3265 1702 3328 in
1741 3263 2005 3328 noviter
2064 3263 2381 3348 acquisito
2426 3263 2793 3348 Anglorum

703 3385 922 3452 regna
1013 3365 1258 3430 Taliter
1303 3387 1456 3450 ergo
1501 3365 1751 3430 diutius
1794 3365 2159 3448 probatum,
2204 3365 2393 3448 ponit
2458 3385 2609 3428 eum
2666 3365 2793 3428 sibi

697 3489 748 3532 a
789 3467 1066 3544 secretiS,
1115 3469 1276 3532 dans
1319 3467 1418 3530 illi
1459 3467 1532 3530 in
1573 3465 1917 3550 conjugem
1960 3483 2243 3530 sororem
2302 3487 2503 3536 suam.
2594 3463 2793 3530 Unde

705 3589 856 3634 cum
933 3569 1322 3652 repatriaret
1401 3569 1474 3632 in
1539 3567 1867 3652 Angliam‚
1922 3565 2195 3632 feliciter
2260 3567 2421 3630 actis
2496 3567 2793 3632 omnibus
2822 3579 2853 3642 1
2866 3579 2947 3640 15
3002 3577 3015 3582 ”

705 3669 916 3734 totius
943 3691 1128 3754 paene
1171 3669 1372 3754 regni,
1423 3667 1504 3732 ab
1551 3667 1692 3754 ipso
1735 3669 2159 3732 constituitur
2202 3669 2341 3732 dux
2384 3671 2453 3732 et
2484 3667 2795 3752 bajulus?

707 3769 1042 3854 AdeptusS
1083 3771 1260 3836 tanti
1303 3769 1566 3834 honoris
1625 3769 1985 3856 primatum
2046 3791 2179 3834 non
2240 3791 2309 3832 se
2372 3769 2631 3844 extulit,
2678 3769 2795 3832 sed

705 3871 1006 3934 omnibus
1077 3870 1268 3934 bonis
1333 3893 1402 3934 se
1465 3891 1584 3956 pro
1651 3893 1835 3956 posse
1902 3875 2157 3958 patrem
2218 3871 2545 3956 praebuit3
2606 3869 2795 3954 quia*

705 3991 904 4054 quam
949 3991 992 4034 a
1031 3991 1236 4054 puero
1279 3971 1678 4034 addidicerat
1731 3973 1975 4036 mentis
2036 3971 2615 4046 mansuetudinem,
2660 3991 2795 4034 non
2840 4027 2843 4030 ,

703 4071 934 4150 exuit3
989 4091 1220 4134 verum
1285 4069 1472 4146 hanc,
1541 4073 1620 4132 ut
1687 4069 2083 4136 naturaliter
2144 4071 2273 4134 sibi
2336 4071 2569 4148 indita,
2640 4093 2795 4156 erga
2822 4087 2955 4154 120
3062 4109 3065 4112 ·

703 4171 1006 4238 subditos
1077 4175 1146 4236 et
1219 4171 1398 4234 inter,
1465 4191 1652 4256 pares
1709 4173 1961 4236 aeterna
2032 4171 2421 4238 assiduitate
2494 4173 2795 4238 excoluit.

707 4271 1166 4358 Undecunque
1227 4275 1636 4358 emergerent
1695 4271 1793 4358 inj
1802 4273 1979 4354 uriae,
2044 4273 2119 4336 in
2190 4273 2315 4340 hoc
2374 4273 2485 4358 jus
2552 4277 2621 4336 et
2680 4273 2793 4338 lex
2894 4293 2897 4298 ·

769 4461 784 4490 ¹
813 4457 940 4508 This
951 4459 1092 4508 word
1101 4471 1206 4508 was
1221 4457 1488 4522 originally
1501 4459 1702 4508 written

707 4535 958 4598 malitiam,
979 4537 1072 4586 but
1103 4535 1198 4586 has
1225 4537 1354 4588 been
1383 4537 1570 4586 altered
1593 4537 1702 4588 into

707 4613 942 4666 militiam.
1729 4605 1734 4612 ⁶

765 4695 790 4726 2
807 4689 1044 4758 Bajulus3
1087 4693 1174 4744 the
1211 4693 1320 4754 first
1361 4693 1612 4756 meaning
1649 4693 1710 4744 of

701 4771 802 4822 this
835 4773 976 4822 word
1007 4771 1054 4822 is
1073 4771 1318 4834 Pon-tator,
1351 4771 1534 4832 hemer,
1573 4785 1628 4822 as
1659 4773 1700 4822 it

701 4863 878 4900 occurs
891 4851 1068 4912 below,
1087 4849 1120 4900 l.
1141 4855 1262 4900 464:
1283 4851 1462 4900 thence
1473 4849 1516 4900 it
1529 4865 1700 4900 means

703 4927 1020 4994 Paedaqoyus.
1119 4933 1154 4960 “
1195 4927 1484 4982 Praesertim
1523 4927 1700 4994 Bajuzz·

1790 4459 1917 4510 dicti
1948 4461 2035 4524 qui
2070 4459 2291 4510 filiorum
2328 4459 2569 4522 principis
2614 4463 2793 4510 educa-

1790 4537 1915 4588 tioni
1936 4537 2347 4600 praeficiebantur,
2366 4553 2579 4602 quorum
2600 4553 2795 4588 summa
2838 4531 2843 4536 ⁵

1790 4615 1997 4680 proinde
2020 4617 2075 4666 in
2094 4615 2291 4666 Palatio
2310 4615 2531 4680 dignitas
2552 4621 2605 4666 et
2624 4623 2795 4666 aucto-

1790 4695 1913 4744 ritas
1934 4693 2245 4746 πεῖθ’-Ρη
2274 4693 2453 4760 Canye.

1832 4793 1835 4796 ⁴
1854 4775 1875 4804 ³
1898 4773 2009 4824 MS.
2030 4773 2211 4838 adepti,
2228 4773 2413 4824 altered
2426 4773 2561 4824 from
2574 4771 2789 4838 adeptus.

1856 4849 2011 4920 §Ma
2046 4867 2203 4916 quam.
