3484 5700
647 832 774 901 406
1445 872 1450 879 ·
1555 840 1712 901 Llrr.
1756 842 1845 891 or

567 1084 570 1089 .
651 1028 720 1093 et
781 1020 1228 1109 promtissimae
1297 1020 1761 1103 strennuitatis,
1826 1018 2183 1107 ingressum
2244 1018 2531 1087 civitatis
2588 1038 2719 1101 qua

551 1164 556 1171 ·
649 1124 972 1199 tendebat,
1021 1122 1356 1209 prohibere
1399 1124 1775 1211 temptabat,
1878 1122 2007 1191 Sed
2046 1122 2253 1191 omnis
2298 1122 2527 1191 civitas
2570 1118 2717 1185 duci

655 1226 914 1293 obviam
959 1230 1026 1293 et
1085 1228 1330 1293 auxilio
1387 1228 1694 1315 processit
1748 1230 1821 1321 ο(11,
1878 1224 2197 1313 praesidio,
2246 1228 2721 1317 acclamantque
2828 1226 2831 1229 ’

625 1326 748 1393 illi
815 1350 1034 1395 ornnes
1097 1352 1226 1403 una
1299 1350 1454 1397 voce
1521 1350 1821 1415 prospere
1894 1328 1969 1393 in
2042 1328 2331 1397 adventu
2390 1350 2521 1395 suo.
2632 1326 2723 1401 Et

651 1430 954 1515 quoniam
1027 1430 1332 1497 facultas·
1371 1432 1660 1515 undique
1735 1432 2093 1515 superiores
2156 1432 2331 1497 vires
2396 1428 2735 1497 amminis·‘
2750 1428 2875 1491 585

647 1532 892 1613 trabat,
933 1532 1364 1599 hortabantur
1425 1538 1620 1617 quam
1681 1532 1913 1617 plures,
1974 1538 2053 1599 ut
2114 1534 2315 1601 etiam
2376 1536 2449 1599 in
2512 1532 2723 1619 ipsum

315 1656 534 1719 Loyalty
555 1654 616 1701 of
647 1656 866 1721 regem
923 1636 1258 1701 irruerent.
1365 1634 1612 1699 Verum
1673 1634 1885 1701 fidelis
1928 1640 1997 1699 et
2042 1636 2183 1701 Deo
2252 1636 2525 1701 devotus
2588 1636 2727 1699 dux

321 1722 550 1773 Godwin.

649 1736 868 1807 verbis
919 1740 988 1803 et
1033 1742 1204 1803 nutu
1267 1736 1618 1805 admodum
1681 1734 2057 1815 abhorruit:
2140 1744 2177 1773 “
2206 1734 2441 1817 Dum,”
2490 1736 2723 1821 inquit,

655 1836 1058 1905 “fidelitatis
1105 1860 1240 1905 suae
1287 1838 1362 1901 in
1425 1838 1612 1903 corde
1679 1860 1827 1903 meo
1888 1836 2165 1907 habeam
2220 1840 2415 1905 hodie
2466 1842 2725 1917 testem,

649 1962 754 2005 me
813 1938 1054 2005 scilicet
1115 1940 1308 2005 malle
1363 1946 1656 2019 mortem,
1727 1962 1921 2025 quam
1984 1940 2235 2025 aliquid
2290 1940 2591 2007 indecens
2658 1942 2727 2003 et
2756 1950 2881 2013 590
2972 1988 2975 1993 .
3028 1968 3041 1979 ··

647 2038 944 2127 iniquum
991 2042 1248 2129 egerim,
1293 2042 1402 2107 v'el
1445 2064 1652 2129 agam,
1701 2042 1807 2107 vel
1850 2064 1955 2109 me
1998 2042 2155 2107 vivo
2200 2042 2309 2127 agi
2350 2042 2729 2129 permittam

649 2142 722 2209 in
777 2144 1112 2209 dominum
1173 2166 1390 2211 meum
1437 2142 1712 2231 regem.''
1802 2144 1895 2211 Et
1938 2146 2023 2211 ab
2076 2144 2447 2229 hujusmodi
2490 2148 2737 2211 conatu.
2870 2228 2873 2231 ἦ

647 2248 908 2313 fortiter
949 2248 1348 2333 perturbatis
1387 2246 1702 2325 omnibus,
1737 2248 1881 2313 viso
1922 2268 2075 2333 rege
2118 2248 2423 2333 protinus
2458 2246 2729 2331 abjectis
2794 2314 2797 2317 ,
2890 2252 2893 2255 ’

539 2404 542 2407 ,
649 2348 844 2413 armis
889 2350 1026 2435 ejus
1069 2350 1448 2415 advolvitur
1497 2344 1793 2435 pedibuS,
1838 2370 2029 2415 orans
2090 2348 2467 2435 suppliciter
2516 2352 2613 2413 ut?
2656 2350 2729 2411 in
2820 2414 2825 2417 .

651 2450 900 2517 Christi
955 2450 1238 2527 nomine,
1301 2452 1484 2537 cujus
1549 2450 1925 2537 signiferam
1986 2450 2177 2535 regni
2228 2472 2529 2517 coronam
2588 2466 2883 2537 ges-<595
2998 2514 3019 2519 ..

313 2766 622 2823 Reconcilia-

313 2838 418 2888 tion
441 2836 500 2888 of

317 2901 532 2956 Godwin

313 2971 438 3020 with
457 2971 558 3022 Ed·

311 3037 464 3088 ward.

309 4191 472 4244 Peaee
493 4189 556 4240 of

309 4261 396 4310 the
419 4273 570 4308 coun-

307 4331 406 4390 try

309 4393 422 4442 The
443 4405 602 4456 queen

305 4457 528 4524 brought

305 4525 466 4576 back

351 4727 642 4866 1).Ῑὸ-

647 2552 838 2619 tabat
879 2552 952 2617 in
997 2550 1222 2637 capite,
1271 2556 1592 2619 annueret
1641 2556 1720 2617 ut
1766 2552 1895 2617 sibi
1942 2552 2176 2619 liceret
2214 2574 2493 2637 purgare
2512 2588 2519 2593 ·
2538 2574 2603 2619 se
2648 2550 2733 2617 de

649 2654 754 2739 obj
763 2660 902 2721 ecto
961 2652 1250 2733 crimine,
1297 2658 1366 2719 et
1431 2658 1714 2741 purgato
1778 2660 2003 2739 pacem
2056 2654 2469 2719 concederet.
2498 2656 2729 2741 gratiae

645 2778 796 2823 suaet
889 2758 1036 2821 Rex
1099 2756 1322 2839 itaque
1391 2760 1652 2821 coactus
1717 2760 1865 2827 tum
1932 2756 2371 2823 misericordia
2424 2760 2493 2821 et
2544 2758 2733 2823 satis-⁴

643 2861 930 2926 factione
975 2857 1172 2936 (lucis7
1223 2879 1418 2944 quem
1483 2859 1716 2944 utique
1760 2859 2039 2924 videbat
2100 2859 2227 2922 sibi
2290 2859 2469 2936 satis,
2526 2859 2581 2924 si
2630 2857 2735 2924 uti

643 2963 862 3044 vellet,
909 2961 1304 3046 superiorem
1347 2959 1564 3038 armis,
1613 2965 1759 3026 tum
1802 2983 1959 3028 vero
2006 2959 2361 3026 destitutus
2410 2961 2735 3048 imprimis
2762 2977 2891 3042 600

643 3067 802 3152 fuga
843 3065 1316 3150 archipraesulis
1369 3065 1448 3128 -et
1507 3085 1775 3130 suorum
1820 3065 2177 3130 multorum
2220 3063 2593 3130 verentium-
2636 3085 2737 3130 as·-

641 3173 906 3254 pectum
951 3167 1146 3244 ducis,
1195 3167 1310 3252 qui
1375 3163 1618 3232 scilicet
1671 3169 1969 3232 auctores
2030 3167 2291 3232 fuerant
2352 3165 2527 3232 illius
2588 3189 2739 3232 con-

625 3269 834 3334 citati
877 3269 1178 3350 turbinis»,
1231 3271 1528 3334 devictus
1573 3289 1829 3352 quoque
1870 3267 2167 3356 precibus
2210 3269 2735 3356 supplicantium,

643 3369 920 3436 redditis
983 3371 1180 3436 armis
1243 3373 1396 3452 suis,
1433 3393 1598 3436 cum
1661 3371 1823 3436 duce
1890 3373 1963 3436 in
2028 3371 2351 3458 palatium
2412 3371 2739 3459 processit,

643 3473 868 3558 ibique
909 3473 1230 3558 paulatim
1283 3473 1660 3538 defervente
1713 3473 1921 3538 animi
1986 3477 2175 3538 motu
2240 3475 2523 3554 sedatus,
2570 3473 2739 3560 sapi-
2768 3497 2849 3560 60
2856 3493 2893 3556 5

647 3575 904 3638 entium
969 3575 1236 3640 consilio
1301 3595 1474 3654 usus,
1541 3573 1688 3638 duci
1760 3575 2049 3658 osculum
2112 3573 2417 3660 praebuit,
2466 3577 2741 3640 offensas

645 3697 872 3740 omnes
935 3675 1232 3754 donavit,
1293 3675 1578 3762 gratiam
1631 3681 1889 3762 quoque
1952 3697 2135 3742 suam
2180 3679 2321 3740 tarn
2372 3675 2501 3742 sibi
2544 3697 2741 3762 quam

645 3777 948 3842 omnibus
983 3777 1138 3844 filiis
1173 3777 1306 3844 suis
1345 3779 1604 3864 integre
1631 3777 1887 3844 annuit.
1968 3777 2229 3844 Modico
2264 3777 2507 3844 exinde
2538 3777 2743 3844 inter-

643 3877 890 3942 fluente
931 3883 1226 3962 tempore
1267 3879 1566 3944 mittitur
1611 3901 1797 3964 aeque
1840 3879 2041 3964 regi0‚
2072 3883 2153 3946 ut
2192 3901 2315 3964 par
2358 3883 2515 3956 erat,
2548 3901 2761 3966 appa-⁶⁴

643 3985 800 4046 rat-u
833 3977 920 4044 ad
957 3979 1426 4044 monasterium
1459 3979 1889 4056 Wiltunense,
1922 3985 1989 4044 et
2028 3985 2111 4044 ut
2144 3981 2395 4066 fugatis
2432 3981 2747 4046 imbrium
2770 4003 2899 4068 610

555 4119 568 4136 ι
645 4081 786 4146 sive
827 4085 1300 4168 tempestatum
1345 4081 1686 4146 condensis
1729 4081 2021 4146 nubibus
2064 4081 2369 4146 redditur
2400 4081 2551 4148 coeli
2578 4101 2749 4172 sere*-

643 4183 840 4264 nitaS,
881 4183 990 4250 vel
1023 4183 1346 4270 jocundus
1407 4181 1714 4270 splendor
1766 4183 1933 4260 solie,
2004 4183 2097 4250 sio
2162 4181 2245 4248 ab
2314 4183 2495 4250 omni
2556 4187 2747 4250 motu

645 4287 874 4352 sedato
919 4307 1138 4372 regrm,
1189 4287 1536 4352 reducitur.
1575 4285 1823 4372 regina,-
1870 4283 2159 4372 ejusdem
2222 4285 2405 4352 ducis
2450 4285 2607 4366 filia,
2622 4339 2639 4346 ..
2656 4283 2747 4348 ad·

643 4387 1006 4454 thalamum
1045 4387 1234 4474 regis.
1327 4387 1528 4454 Unde
1567 4393 1718 4474 post
1756 4393 1897 4454 tam
1934 4387 2183 4474 grande
2220 4387 2467 4452 malum
2488 4387 2787 4474 absque

645 4491 964 4578 sanguine
1005 4491 1326 4558 sedatum
1389 4489 1572 4556 ducis
1635 4489 1973 4576 sapientia,
2030 4489 2339 4558 sollennis
2384 4489 2747 4556 celebratur
2774 4518 2851 4616 61
2864 4515 2903 4580 5
2972 4529 2975 4532 -

643 4595 886 4664 laetitia
923 4597 1062 4660 tam
1109 4615 1148 4658 a
1189 4593 1504 4678 palatinis
1549 4615 1747 4716 quam
1790 4591 1875 4658 ab
1922 4593 2103 4658 omni
2134 4591 2315 4678 Wpati
2298 4615 2381 4658 la.
2466 4615 2471 4620 ·

781 4751 882 4816 Tu
925 4773 1184 4840 quoque
1227 4771 1442 4838 pange
1485 4711 1712 4816 modos
1754 4769 1951 4828 versu
1994 4749 2271 4816 saliente
2316 4767 2601 4830 canoro&

261 4907 266 4912 .
311 4853 490 4906 Godw
475 4855 588 4904 111’8'
695 4853 882 4920 Laeta
925 4855 1040 4918 diu
1081 4875 1338 4918 mecum
1381 4877 1500 4954 pro
1543 4857 1738 4918 tanto
1782 4853 2023 4918 foed-ere
2066 4873 2305 4918 rerum.

307 4925 522 4972 conduct
541 4927 596 4972 to

305 4989 526 5040 Edward

701 4955 812 5024 Sic
853 4957 1042 5024 fortis
1085 4955 1324 5048 David,
1373 4957 1466 5020 sio
1497 4957 1650 5048 regi
1693 4947 1971 5052 parcere
1998 4957 2209 5034 novit,

3228 2406 3239 2417 ο

3290 2520 3295 2525 .
3256 1388 3295 2499 Qufflaffl-—ffi—*ss--ffi——v-
3270 1112 3289 1379 -m—
3262 1074 3293 1101 ’(4-

3234 2895 3287 3084 &Q

3282 3055 3291 3066 ,
3278 2758 3287 2894 Q

3274 5263 3287 5284 ι
3256 3489 3293 5248 mm-—ffi-*tmmffl-aff—-e-n-—m—b—em
