3484 5700
421 1052 670 1105 Remarks
691 1056 694 1061 '

421 1122 482 1169 of
493 1122 578 1171 the

423 1188 600 1237 author
621 1202 686 1235 on

757 826 886 893 432
1313 876 1324 883 ..
1405 886 1408 889 .
1657 840 1815 891 111-Ε
1858 840 1955 925 or

753 1018 1034 1107 maxime
1055 1016 1406 1099 violatam,
1471 1016 1740 1105 hocque
1772 1018 2173 1105 frequentius
2234 1014 2615 1083 declama-sse
2674 1020 2819 1083 tum

749 1142 866 1209 per
891 1122 1156 1207 ‚legatos
1195 1126 1264 1187 et
1307 1122 1606 1207 epistolas
1651 1144 1799 1187 suas
1846 1122 2209 1187 Romanum
2256 1120 2515 1207 Papam,
2562 1126 2709 1185 tum·
2748 1120 2819 1183 111

419 1254 502 1303 the
513 1254 726 1303 wicked·
749 1224 1196 1307 frequentibus
1269 1224 1560 1293 monitis,
1607 1224 1819 1311 ipsum
1880 1248 2101 1311 regem
2160 1228 2227 1293 et,
2298 1224 2633 1309 reginam3
2708 1222 2821 1287 sed

421 1332 534 1367 ness
555 1320 712 1369 ofthe
751 1326 1002 1409 divitiis
1075 1328 1144 1389 et
1201 1326 1546 1391 .mundana
1615 1328 1825 1413 gloria
1896 1326 2477 1413 irrecuperabiliter
2558 1324 2821 1409 quidam
2850 1332 2881 1391 1
2894 1330 3019 1395 500

421 1392 648 1451 country.

751 1428 1008 1491 diabolo
1067 1428 1296 1505 allecti,
1367 1426 1524 1503 vitae
1585 1428 1745 1493 adeo
1820 1428 2243 1515 neglexerant
2306 1424 2705 1515 disciplinam
2744 1432 2823 1491 ut

747 1552 880 1593 11011
927 1530 1266 1607 horrerent
1319 1530 1462 1615 jam
1523 1534 1680 1593 tunc
1746 1530 2195 1593 imminentem
2236 1530 2515 1593 incidere
2558 1530 2631 1593 in
2696 1530 2823 1593 Dei.

747 1632 932 1695 iram.
1027 1630 1190 1709 Quae
1235 1630 1384 1695 licet
1427 1630 1512 1693 ad
1555 1632 1815 1713 tempus
1856 1650 2085 1715 greges
2128 1632 2357 1715 puniat
2402 1618 2823 1695 innocuamm

749 1734 986 1809 ovium,
1025 1728 1388 1815 pastoribus
1431 1734 1500 1795 et
1541 1730 1730 1809 nobis
1776 1730 1889 1815 qui
1932 1734 2333 1817 peccavimus
2376 1754 2509 1795 11011
2552 1736 2651 1795 est
2698 1732 2839 1797 <lis-.

749 1830 1198 1907 simulandum,
1235 1832 1388 1915 quia
1425 1832 1482 1895 si
1509 1854 1642 1895 non
1685 1832 1995 1917 punimur
2022 1832 2093 1893 in
2120 1832 2435 1917 tempore,'
2460 1832 2825 1895 timendum
2852 1842 2885 1899 1
2898 1836 3045 1919 505*

749 1932 940 1997 valde
1015 1938 1114 1997 est
1187 1954 1270 1997 ne
1311 1936 1751 2019 ,peccatorum
1826 1938 2195 1997 nostrorum
2270 1934 2565 1997 vindicta
2638 1934 2825 1999 nobis

745 2040 1112 2099 reservetur
1169 2034 1242 2097 in
1289 2034 1674 2109 aeternitate.
1766 2034 1899 2099 Sed
1952 2036 2065 2119 qui
2112 2040 2179 2099 et
2242 2036 2357 2101 ubi
2392 2038 2555 2101 ‘sunt
2596 2036 2669 2099 hi
2714 2036 2825 2121 qui

745 2138 922 2201 tanti
981 2136 1366 2201 discriminis
1423 2136 1755 2201 horrorem
1800 2136 1907 2199 vel
1958 2136 2359 2221 perpendant
2404 2136 2545 2213 sibi,
2592 2136 2701 2201 vel
2744 2138 2827 2201 ex

747 2238 950 2303 officio
1011 2238 1316 2323 pastorali
1379 2228 1755 2303 ascendant
1794 2260 1831 2301 e
1898 2238 2173 2319 diverso,
2242 2244 2309 2303 et
2368 2244 2699 2325 opponant
2752 2260 2827 2303 se

745 2362 864 2425 pro
903 2362 1092 2403 muro
1131 2340 1216 2403 ad
1257 2340 1644 2427 placandum
1687 2340 1761 2403 in
1796 2340 1901 2403 die
1944 2346 2085 2403 tam
2120 2340 2339 2427 gravis
2378 2340 2645 2427 proelii?
2792 2340 2797 2343 ¹
2856 2346 3027 2409 1510

833 2442 1150 2527 Legimus
1223 2448 1534 2519 sanctum¹
1591 2442 1815 2505 David
1874 2464 2177 2527 peccasse,
2238 2442 2499 2527 ejusque
2584 2442 2831 2527 peccati

743 2544 1096 2607 vindictam
1149 2542 1338 2629 super
1381 2546 1694 2631 populum
1713 2566 1722 2571 ‘⁴
1741 2544 2063 2609 divinitus
2104 2544 2363 2607 irruisse
2394 2568 2409 2621 ;
2454 2544 2567 2607 sed
2596 2544 2831 2629 quibus

741 2646 1106 2731 gemitibus,
1163 2650 1410 2729 quanta
1465 2646 1825 2721 afflictione,
1880 2650 2127 2731 quanta
2180 2644 2387 2709 cordis
2444 2644 2831 2709 contritione

745 2768 810 2811 se
839 2750 1120 2811 testatus
1151 2752 1252 2811 est
1279 2746 1500 2811 reum!
1547 2748 1640 2811 111
1663 2770 1730 2811 se
1762 2748 1889 2811 Dei
1918 2748 2111 2833 petiit
2132 2748 2489 2831 retorqueri
2518 2746 2833 2833 gladium,

745 2849 946 2914 Unde
997 2851 1186 2916 citius
1235 2857 1300 2916 et
1363 2853 1608 2938 peccati
1647 2851 2007 2938 promeruit
2056 2851 2319 2914 veniam
2366 2853 2435 2914 et
2498 2873 2539 2914 a
2594 2851 2833 2936 populo
2862 2857 3033 2920 1515

745 2955 1126 3018 saevientem
1171 2955 1422 3018 amovit
1481 2955 1755 3040 plagam.
1850 2953 2161 3018 Inmensa
2222 2953 2393 3016 enim
2438 2953 2565 3016 Dei
2624 2955 2835 3038 pietas

707 3115 730 3140 0
745 3041 1046 3120 fidelibus
1073 3061 1394 3120 testatur:
1459 3055 1708 3132 Petite,'
1735 3061 1797 3118 et
1856 3055 2137 3120 dab-itur
2180 3055 2361 3134 vobi-8
2378 3079 2407 3134 ,·
2458 3049 2731 3138 pulsate
2776 3061 2837 3118 et

745 3157 1136 3242 aperiam-,¹
1233 3157 1362 3222 Sed
1439 3157 1626 3242 (proh
1657 3157 1867 3240 dolor)
1930 3157 2373 3242 pervenerunt
2416 3157 2503 3220 ’111
2558 3179 2679 3220 nos
2720 3157 2837 3220 illa

637 3311 650 3322 .
745 3259 974 3344 gravia
1015 3263 1310 3346 tempora
1353 3259 1432 3322 de
1481 3259 1716 3342 quibus
1758 3259 2185 3344 ingemiscens
2228 3259 2327 3322 ait
2368 3257 2701 3342 propheta,
2750 3259 2837 3322 Et

747 3359 880 3426 crit
923 3361 1152 3448 qualis
1185 3361 1494 3446 popu-lus
1523 3359 1684 3424 talis
1729 3367 1789 3424 et
1832 3359 2181 3424 sacerdos?
2280 3361 2419 3426 Sub
2464 3359 2619 3446 ipsis
2664 3361 2837 3424 enim
2866 3361 3039 3426 1520

747 3463 1040 3528 ferientis
1089 3463 1216 3526 Dei
1275 3463 1654 3526 verberibus
1713 3463 1801 3526 ad
1844 3463 2057 3526 multa·
2118 3463 2301 3528 milia
2356 3463 2633 3548 populus
2678 3465 2839 3542 ster-

745 3567 944 3644 nitur,
993 3587 1266 3652 regnum
1307 3567 1462 3650 igne
1497 3569 1574 3650 ‘et
1615 3565 2105 3650 depraedatione
2150 3565 2549 3642 devastatur,
2594 3565 2839 3650 hocque

745 3673 1006 3754 peccato
1035 3667 1440 3732 sacerdotum
1471 3667 1614 3730 fieri
1633 3667 2031 3750 jamdudum
2072 3667 2591 3732 demonstratum
2622 3671 2739 3744 est,
2762 3667 2841 3730 'et

747 3771 960 3834 nullus
991 3769 1186 3856 (proh
1219 3767 1432 3856 dolor)
1461 3769 1534 3834 in
1561 3769 1753 3832 nobis
1780 3769 1985 3834 timor
2012 3769 2121 3834 vel
2146 3771 2477 3856 poenitudo
2510 3771 2619 3834 vel
2648 3771 2841 3834 fletus

745 3871 854 3934 vel
901 3871 988 3934 ad
1031 3871 1248 3934 Deum
1291 3871 1530 3934 clamor
1577 3873 1658 3934 et.
1687 3869 1955 3954 pietatis
1998 3871 2231 3956 petitio
2276 3877 2387 3934 est.
2466 3871 2667 3936 Unde
2708 3893 2843 3934 non
2870 3877 2901 3936 1
2916 3877 3041 3938 525

743 3969 1048 4034 inmerito
1081 3971 1562 4034 demonstratur
1605 3971 1949 4036 benedicto
1994 3973 2135 4056 regi
2180 3995 2219 4036 a
2264 3973 2451 4036 nobis
2480 3973 2843 4056 migraturo

709 4071 1076 4148 revelatio,
1159 4071 1702 4156 impossibilitatis
1784 4073 1871 4134 ad
1956 4073 2469 4150 similitudinem,
2554 4075 2841 4158 inquam,

743 4179 988 4262 nostrae
1045 4173 1320 4238 infinitae
1381 4177 1450 4238 et
1509 4171 1849 4238 obduratae
1892 4173 2279 4258 iniquitatis,
2378 4173 2609 4262 Neque
2672 4177 2843 4240 enim

745 4281 1046 4344 arborem
1091 4279 1504 4366 abscis[s]am
1549 4303 1666 4366 per
1711 4303 1781 4346 se
1826 4303 2105 4360 movere,
2154 4281 2261 4346 vel
2304 4281 2501 4346 semel
2562 4279 2707 4348 suci
2744 4285 2843 4348 sui

743 4381 958 4466 gratia
1045 4381 1448 4458 destitutam,
1519 4381 1722 4446 solide
1792 4388 2027 4447 trunco
2104 4405 2229 4462 suo*
2292 4385 2691 4468 incorporari
2780 4389 2849 4448 et
2876 4387 2909 4444 1
2924 4383 3051 4446 530

745 4485 1060 4568 virescere
1089 4491 1156 4550 et
1183 4485 1574 4550 fructificare
1609 4485 1787 4570 apud
1834 4485 2129 4550 homines
2174 4489 2273 4548 est
2316 4485 2633 4570 possibile.
2710 4485 2849 4550 Nos
2902 4507 2907 4512 ·

737 4609 1002 4672 (1110(1110
1077 4611 1224 4652 cum
1261 4587 1372 4652 ‘ob
1435 4585 1809 4652 nostrorum
1874 4587 2183 4652 scelerum
2246 4587 2555 4652 meritum
2632 4589 2847 4654 Deum

787 4777 806 4842 ¹⁶
829 4813 880 4864 S.
907 4813 1052 4860 Matt.
1075 4811 1162 4862 vii.
1195 4813 1240 4864 7.
1263 4831 1278 4872 ;
1315 4813 1366 4864 S.
1389 4811 1548 4870 Luke,
1573 4811 1642 4860 xi.
1667 4785 1722 4862 ¹9.
1850 4815 1853 4818 ’
2000 4813 2021 4842 ²
2044 4811 2161 4860 Isai.
2186 4809 2327 4860 xxiv.
2354 4817 2399 4858 2.
2432 4831 2447 4870 ;
2486 4811 2611 4860 Hos.
2634 4809 2703 4860 iv.
2730 4813 2777 4858 9.

3290 1094 3317 1269 §xm-—
3278 750 3317 1049 ..-Uim-J}
3290 614 3317 729 min.
