3484 5700
217 1500 382 1551 Peace
401 1498 460 1551 of

215 1570 302 1619 the
321 1582 474 1617 coun-

211 2526 448 2595 Edward’
447 2544 472 2577 3

217 2596 446 2657 personal
499 2600 502 2603 ’

217 2674 522 2723 appearance

221 2728 322 2775 and
343 2726 460 2775 cha-

219 2796 396 2841 racter.

547 800 678 865 396
715 836 718 839 -
1443 810 1598 859 nra
1639 810 1728 859 31·

547 982 906 1077 quamlibet
937 978 1288 1067 multiplex.
1321 980 1494 1071 regis
1523 982 1634 1047 vel
1669 980 1981 1069 principis
2014 1002 2307 1065 unquam
2344 988 2635 1067 aequaret

545 1074 1008 1181 munificentia,
1069 1104 1300 1169 regum
1355 1078 1829 1171 pulcherrimus
1888 1088 1957 1149 et
2012 1082 2451 1149 nobilissimus
2494 1078 2633 1149 An·-

545 1185 806 1271 glorum
859 1174 984 1251 rex
1023 1182 1418 1251 AEdwardus
1473 1186 1634 1251 facit
1693 1188 1959 1275 eisdem
1994 1182 2399 1249 Francorum
2456 1188 2633 1271 prin-

547 1286 802 1383 cipibus
845 1286 954 1351 vel
995 1308 1214 1353 annua
1253 1288 1364 1353 vel
1405 1282 1730 1353 continua.
1824 1288 1937 1353 Ι11
1950 1284 2269 1373 principio
2312 1286 2635 1387 siquidem

547 1386 738 1475 regni
797 1386 904 1453 sui
963 1392 1154 1481 tanta
1197 1382 1516 1455 divinitus
1561 1384 1851 1453 donatur
1908 1388 2207 1455 claritate
2270 1392 2339 1453 31,
2398 1388 2631 1473 gratia,
2658 1384 2817 1467 235„

547 1486 628 1553 ut
671 1486 1040 1577 quiescente
1081 1482 1152 1555 in
1195 1482 1372 1575 pacis
1413 1486 1636 1575 quiete
1663 1488 2033 1555 universali
2078 1490 2437 1569 Britannia,
2464 1508 2633 1555 cum

547 1578 990 1675 adjacentium
1061 1610 1412 1677 regnorum
1483 1588 2141 1705 monarchiarumque
2208 1582 2633 1677 angularibus

547 1692 794 1769 insulis,
877 1692 1218 1755 videretur
1297 1690 1608 1755 innovari
1681 1692 1757 1755 in
1838 1712 1925 1773 33
1994 1692 2159 1755 illud
2242 1692 2631 1787 donativum

549 1784 766 1859 divini
805 1792 1112 1871 muneris,
1157 1790 1390 1877 quo[d]
1435 1794 1582 1877 post
1625 1792 2003 1857 bellicosum
2040 1792 2315 1857 Davidis
2350 1782 2633 1877 regnum

547 1884 828 1977 terrores
885 1892 1274 1979 compescuit
1329 1894 1718 1979 praeliorum,
1764 1896 1835 1959 et
1892 1894 2259 1959 succedenti
2308 1892 2445 1957 filio
2490 1886 2633 1977 ejus
2656 1890 2797 1977 240.

551 1986 888 2073 Salomoni
925 1994 1004 2057 in
1063 1992 1228 2059 solio
1285 1992 1512 2079 gloriae
1571 1994 1749 2079 pacis
1810 1986 2117 2061 exhibuit
2174 1996 2465 2079 regnum,
2530 1998 2627 2071 ut,

547 2094 814 2181 penitus
871 2090 1180 2159 extinctis
1239 2094 1540 2161 omnibus
1597 2094 1941 2161 contrariis
1982 2096 2291 2175 motibus,
2334 2096 2409 2157 in
2448 2116 2633 2159 man-

549 2196 894 2261 suetudine
967 2196 1240 2273 viveret,
1315 2218 1464 2263 suos
1523 2220 1672 2263 eum
1741 2196 2149 2283 benignitate
2220 2198 2489 2291 regeret,
2564 2200 2633 2259 et

547 2298 856 2363 universa
909 2298 1140 2377 mundi
1179 2298 1390 2385 gloria
1447 2302 1516 2365 et
1573 2298 1829 2365 divitiis
1884 2286 2327 2363 abundantius
2384 2298 2633 2363 cunctis

547 2402 878 2463 terrarum
919 2400 1180 2487 regibus
1225 2400 1626 2467 exuberaret.
2654 2412 2793 2475 245·

641 2500 736 2565 Et
777 2504 858 2565 ut
901 2504 1148 2565 statum
1185 2502 1324 2565 sive
1361 2502 1636 2565 formam
1669 2502 1959 2587 ejusdem
1990 2522 2125 2565 non
2154 2504 2627 2585 praetereamUS,
2782 2490 2785 2493 ⁴

549 2600 834 2667 hominis
877 2622 1148 2685 persona
1191 2604 1332 2665 erat
1365 2602 1829 2681 decentissima,
1864 2602 2159 2667 discretae
2200 2588 2627 2685 proceritatis,

551 2702 804 2787 capillis
849 2706 916 2767 et
955 2702 1168 2767 barba
1195 2702 1448 2767 ‘canitie
1505 2702 1787 2787 insignis
1844 2700 2073 2781 lactea,
2118 2700 2281 2765 facie
2322 2700 2519 2787 plena
2558 2706 2629 2765 et

549 2808 702 2868 cute
763 2824 964 2880 rosea,
1027 2802 1332 2868 manibus
1391 2802 1626 2866 macris
1689 2807 1761 2867 et
1814 2800 2045 2878 niveis,
2090 2802 2305 2886 longis
2372 2822 2627 2886 quoque

549 2903 1096 2968 interlucentibus
1159 2901 1406 2988 digitis,
1473 2901 1722 2986 reliquo
1766 2923 2031 2986 corpore
2072 2905 2219 2966 toto
2262 2901 2519 2986 integer
2560 2905 2629 2966 et
2654 2905 2783 2968 250

547 3007 768 3090 regius
809 3003 1022 3070 homo,
1111 3001 1444 3068 Continuat.
1501 3003 1833 3088 gravitate
1880 3001 2225 3086 jocundus,
2266 3001 2629 3064 humiliatis

547 3103 856 3172 incedens
913 3103 1168 3168 visibus
1231 3103 1618 3190 gratissimae
1685 3125 1835 3168 cum
1896 3103 2127 3188 quovis
2200 3103 2627 3166 affabilitatis.

431 3273 446 3286 ,
549 3205 626 3270 Si
663 3205 838 3270 ratio
883 3205 1166 3288 aliquem
1209 3205 1554 3270 suscitaret
1587 3205 1797 3268 animi
1838 3205 2109 3280 motum,
2156 3203 2403 3268 leonini
2446 3205 2627 3268 vide-

545 3305 748 3372 batur
827 3303 1114 3382 terroris,
1191 3305 1360 3368 iram
1443 3309 1666 3370 tamen
1748 3325 1885 3368 non
1978 3303 2297 3388 prodebat
2370 3303 2627 3388 jurgiis.

477 3483 482 3486 ¹
549 3405 826 3472 Cunctis
885 3403 1300 3490 poscentibus
1361 3409 1482 3470 aut
1553 3405 1835 3490 benigne
1898 3405 2085 3470 daret
2154 3409 2273 3470 aut
2344 3405 2627 3490 benigne
2654 3411 2777 3472 255

547 3511 838 3592 negaret,
883 3507 982 3570 ita
1039 3511 1122 3572 31,·
1167 3511 1252 3570 111,
1309 3505 1596 3592 benigna
1645 3505 1911 3592 negatio
1968 3505 2253 3592 plurima
2294 3505 2629 3570 videretur

545 3607 832 3690 largitio·
921 3607 1008 3670 In
1049 3607 1420 3690 frequentia
1461 3627 1612 3670 vere
1673 3627 1740 3670 se
1784 3627 2005 3692 regem
2048 3611 2117 3670 et
2156 3601 2511 3686 dominum,
2552 3607 2629 3696 in

545 3705 830 3790 privato,
877 3707 1060 3772 salva
1119 3707 1384 3790 quidem
1443 3707 1626 3792 regia
1683 3705 2041 3790 majestate,
2098 3707 2339 3792 agebat
2382 3727 2449 3770 se
2492 3705 2629 3770 suis

545 3809 628 3868 ut
693 3805 1074 3870 consocium.
1201 3805 1482 3872 Causam
1547 3807 1678 3870 Dei
1748 3805 2067 3892 episcopis
2140 3809 2273 3872 suis
2346 3811 2415 3872 et
2488 3805 2629 3892 ejus

545 3897 850 3986 mysterii
901 3903 1070 3986 juris
1125 3905 1288 3968 viris
1345 3909 1706 3988 imponenS,
1764 3907 2075 3972 monebat
2132 3913 2213 3970 ut
2274 3909 2629 3970 secundum
2656 3919 2695 3976 2
2702 3919 2787 3982 60
2918 3905 2927 3912 ’

547 4007 820 4088 agerent
865 4025 1140 4082 causam,
1187 4003 1390 4066 seculi
1425 4005 1793 4088 judiciariis
1838 4007 2243 4088 principibus
2288 4011 2357 4068 et
2400 4005 2633 4102 palatii

547 4105 654 4172 sui
697 4103 1036 4168 causidicis
1075 4103 1454 4188 praecipiens
1497 4109 1578 4168 ut
1609 4105 1793 4190 juste
1836 4101 2291 4184 discernerent,
2324 4105 2633 4202 quatinus

549 4211 622 4272 et
661 4199 956 4292 probitas
997 4205 1248 4290 regiam
1291 4201 1759 4284 defensionem,
1798 4207 1867 4270 et
1924 4205 2195 4284 malitia,
2244 4207 2359 4270 ubi
2420 4225 2651 4280 erum-

547 4313 750 4392 peret,
841 4327 1028 4372 suam
1129 4327 1278 4370 cum
1369 4305 1678 4390 aequitate
1766 4305 2039 4372 haberet
2124 4307 2627 4372 damnationem.
2698 4333 2701 4336 ⁴

547 4407 756 4492 Leges
797 4407 1060 4492 iniquas
1095 4407 1394 4482 evellens,
1425 4407 1642 4490 justas
1687 4405 1971 4492 sapienti
2014 4407 2281 4472 consilio
2316 4401 2627 4482 statuens,
2658 4417 2783 4480 265

549 4529 810 4572 omnem
857 4507 1276 4572 Britanniam
1335 4507 1720 4586 laetificavit,
1786 4507 1895 4570 3111
1956 4529 2041 4572 ex
2102 4507 2231 4572 Dei
2294 4499 2519 4594 gratia⁴
2564 4513 2633 4572 et

547 4607 940 4672 hereditario
975 4607 1126 4696 jure
1169 4607 1318 4696 pius
1361 4627 1482 4672 rex
1523 4607 1849 4696 praesedit.
