3484 5700
465 1738 524 1803 p.
561 1718 658 1781 35.

461 1830 636 1879 Illness
655 1828 716 1881 of

461 1896 688 1947 Edward.

757 854 760 857 -
791 804 918 873 430
1125 890 1130 893 ,
1301 872 1308 877 ,
1677 822 1831 873 Liri:
1874 820 1977 873 or

791 998 1138 1087 respondit.
1225 998 1314 1065 Et
1357 1002 1516 1065 tunc
1575 998 1734 1065 satis
1802 1002 2161 1065 scrutatum
2220 1002 2487 1085 putans„
2522 998 2845 1085 paulisper

791 1102 1078 1189 procedit
1145 1106 1416 1185 oratum,
1479 1124 1777 1191 genuque
1842 1108 1945 1167 ter
2006 1102 2177 1167 flexo
2240 1106 2393 1167 ante
2452 1102 2657 1167 altare
2702 1104 2843 1167 Deo

793 1204 1032 1291 gratias
1069 1204 1228 1291 agit,
1273 1228 1542 1291 cumque
1609 1206 1789 1291 regia.
1850 1206 2015 1293 stipe
2072 1204 2201 1269 suis
2260 1206 2661 1269 commendat
2700 1226 2843 1269 ‘sus-
2872 1206 3041 1269 1430

791 1308 1176 1371 tentandum
1239 1310 1566 1393 quamdiu.
1597 1308 1773 1372 velit.
1868 1308 1999 1371 Hic
2062 1308 2309 1371 diutius
2370 1308 2441 1371 in
2498 1308 2633 1393 ejus
2678 1328 2845 1371 com-

793 1414 1078 1473 moratus
1137 1410 1326 1487 curia,
1387 1410 1759 1475 testimonio
1826 1410 1955 1473 fuit
2024 1410 2295 1473 virtutis
2362 1428 2553 1493 quam
2614 1432 2657 1471 a
2720 1408 2845 1473 Dei

793 1512 1036 1595 accepit
1077 1512 1298 1595 gloria.
1393 1510 1638 1575 Eodem
1699 1508 1897 1573 etiam
1958 1510 2149 1573 modo
2200 1510 2453 1575 cuidam
2500 1510 2849 1577 Lincolniae

793 1610 1114 1677 civitatis¹
1295 1612 1334 1651 *
1495 1608 1550 1677 ,ἦ
1735 1608 1775 1649 ³¹⁶
1952 1610 1989 1651 ³¹*
2166 1608 2205 1649 *
2380 1610 2417 1651 θ’
2596 1610 2633 1653 *
2810 1608 2847 1649 *⁴

881 1712 1020 1779 Ubi
1075 1714 1258 1777 videt
1315 1712 1444 1775 fide
1485 1712 1712 1797 plenus
1772 1734 1891 1777 rex
1946 1710 2357 1777 AEduuardus
2420 1734 2503 1777 ex
2574 1712 2851 1777 instanti
2876 1712 3045 1773 1435

791 1814 1012 1879 morbo
1079 1814 1334 1901 urgueri
1399 1836 1466 1879 se
1531 1814 1616 1879 ad
1659 1814 1931 1891 exitum,
1992 1812 2325 1879 funeribus
2370 1812 2655 1899 exequiis
2698 1814 2849 1877 atti-

779 1916 960 1985 tulat
973 1916 1028 1953 2⁴
1063 1936 1132 1981 se·
1193 1914 1745 1983 commendatione
1810 1920 1877 1981 et
1934 1916 2229 2001 precibus
2272 1920 2665 1979 summorum
2724 1914 2851 1979 Dei

789 2016 1090 2083 fidelium.
1165 2016 1462 2103 Namque
1493 2024 1831 2103 exemptus
1858 2018 2049 2083 rebus
2092 2016 2387 2083 secularis
2430 2016 2733 2103 tyranni³
2768 2038 2853 2079 ex

787 2120 1206 2187 advocatione
1249 2118 1534 2205 Spiritus
1579 2120 1724 2199 Dei,
1780 2120 2045 2185 liberius
2106 2118 2345 2183 fruitur
2388 2118 2637 2185 visione
2676 2118 2861 2183 futu-⁴

779 2244 994 2289 rorum
1057 2244 1142 2287 ex
1207 2222 1751 2307 contemplatione
1826 2222 2077 2287 coelesti.
2196 2220 2361 2285 Cum
2404 2222 2579 2285 inter
2620 2240 2851 2285 manus
2876 2224 3049 2287 1440

763 2322 1146 2389 devotorum
1203 2322 1276 2387 in
1333 2322 1600 2387 fimerea
1647 2322 2095 2409 expectatione
2156 2344 2381 2407 corpus
2444 2324 2849 2387 sustentatur

747 2424 992 2511 fiagile,
1061 2446 1360 2509 corporeo
1423 2424 1676 2511 sopitus
1717 2424 2003 2511 pondere
2068 2446 2291 2489 eorum
2354 2424 2657 2489 edocetur
2714 2444 2847 2489 cer-

739 2526 1042 2605 titudine,
1113 2548 1258 2611 quee
1319 2548 1438 2611 pro
1513 2528 1791 2611 peccatis
1866 2526 2105 2589 nostris
2180 2526 2489 2611 praesenti
2560 2526 2849 2611 patimur

731 2630 1042 2711 tempore.
1147 2626 1546 2713 Augustiana
1621 2628 1943 2711 siquidem
2016 2628 2329 2711 patientis
2396 2628 2647 2693 animae·
2700 2648 2849 2691 cum

737 2730 1052 2793 dormiret
1083 2732 1438 2813 praesentes
1475 2732 1823 2793 senserunt
1858 2730 2143 2813 insopito
2188 2750 2467 2813 corpore,
2498 2730 2851 2793 excitatus-
2878 2730 3051 2795 1445

723 2853 864 2916 ⁴que
925 2830 1168 2896 eisdem
1223 2830 1384 2896 adeo
1445 2830 1700 2896 territis
1735 2828 1881 2896 'hoc
1940 2830 2157 2896 utitur
2208 2830 2557 2896 verborum
2612 2832 2851 2896 ordine.

735 2931 916 2996 Nam
983 2935 1140 2998 ante
1169 2933 1174 2938 ’
1205 2931 1276 2996 id
1345 2933 1546 2996 biduo
1615 2933 1724 2996 vel
1790 2933 2067 3016 amplius
2136 2933 2297 2996 adeo
2362 2955 2513 2998 eum
2576 2933 2853 3018 languor
2924 2923 2935 2934 ’

733 3033 1148 3118 fatigaverat,
1181 3037 1258 3100 ut
1297 3033 1418 3098 vix
1461 3055 1612 3098 cum
1657 3031 2035 3118 loqueretur
2078 3033 2241 3118 quid
2276 3033 2525 3098 diceret
2568 3035 2851 3120 intelligi

733 3139 966 3220 posset.
1063 3143 1102 3172 “
1121 3135 1360 3212 Deus,”
1391 3137 1630 3220 inquit,
1669 3141 1704 3170 ‘⁶
1727 3141 1967 3212 eterne,
2006 3137 2061 3200 si
2106 3157 2223 3220 per
2266 3139 2335 3200 te
2372 3157 2451 3200 ea
2486 3157 2633 3220 quse
2676 3157 2851 3200 nunc

715 3239 900 3308 ,mihi
945 3239 1240 3330 revelata
1285 3241 1442 3302 sunt
1487 3239 1704 3318 didici,
1752 3237 2029 3302 concede
2090 3239 2339 3324 pariter
2396 3243 2467 3304 et
2532 3239 2851 3304 virtutem
2880 3239 3055 3302 1450
3124 3301 3127 3304 ,

735 3341 964 3406 eadem
1007 3339 1342 3406 referendi.
1443 3337 1564 3406 Sin
1631 3339 1895 3438 quidvis
1938 3339 2091 3426 fuit.
2112 3341 2551 3424 fantasticum,
2572 3433 2581 3440 ι
2600 3345 2853 3426 premat

735 3463 840 3506 me
907 3443 1222 3532 pristinus
1287 3441 1552 3508 morbus
1625 3443 1708 3508 ad
1739 3515 1751 3520 ,
1778 3445 1969 3506 tuum
2044 3443 2413 3528 placitum.”
2504 3443 2601 3520 Et
2674 3463 2847 3522 mox,

645 3567 650 3574 ·
735 3547 908 3610 sicut
969 3549 1300 3610 testantur
1365 3543 1438 3608 hi
1507 3547 1622 3628 qui
1685 3545 1981 3610 aderant
2024 3547 2395 3630 praesentes
2444 3545 2633 3610 tanta
2694 3565 2851 3610 usus

405 3855 502 3906 His
525 3855 692 3906 vision

403 3925 508 3974 and
527 3937 642 3986 pro·

403 3991 568 4054 phecy
593 3989 654 4038 of

405 4057 492 4104 the
513 4055 594 4114 ills
615 4063 670 4106 to

405 4137 548 4172 come
569 4135 706 4186 upon

407 4189 658 4252 Englancl.

737 3651 838 3712 est
881 3649 1192 3732 loquendi
1237 3647 1440 3732 eopia,
1483 3651 1564 3712 ut
1623 3649 1829 3712 cuivis
1874 3647 2213 3712 sanissimo
2268 3647 2435 3710 nihil
2480 3669 2641 3732 opus
2686 3649 2855 3712 esset

739 3771 948 3834 supra.
1029 3757 1066 3784 “
1087 3747 1342 3828 Nunc‚''
1371 3751 1610 3832 inquit,
1649 3757 1684 3784 ‘⁶
1705 3751 1837 3814 duo
1868 3749 2141 3814 aderant
2170 3749 2489 3828 monachi,
2522 3749 2853 3832 quondam
2882 3749 3053 3812 1455

739 3871 886 3916 cum
949 3853 1024 3914 in
1087 3851 1498 3916 Normannia
1559 3853 1929 3916 adolescens
1990 3873 2195 3916 essem
2268 3851 2433 3914 mihi
2506 3839 2849 3930 notissimi,

737 3951 968 4016 multae
1013 3951 1258 4018 scilicet
1307 3953 1678 4017 sanctitatis
1723 3955 1871 4030 viri,
1910 3953 2231 4036 rebusque
2288 3949 2673 4016 mundanis4
2708 3949 2853 4036 jam

739 4053 950 4118 multo
1011 4057 1302 4138 tempore
1365 4053 1672 4138 exempti,
1746 4041 1961 4136 sicque
2024 4075 2111 4116 ex
2170 4053 2297 4116 Dei
2360 4053 2681 4138 legatione
2748 4075 2853 4118 me

739 4159 898 4222 sunt
941 4155 1144 4218 affati.
1237 4163 1252 4190 ⁴
1275 4153 1638 4234 Quoniam,'
1681 4155 2013 4240 inquiunt,
2066 4161 2081 4186 ‘
2096 4153 2169 4216 hi
2216 4153 2329 4238 qui
2372 4155 2447 4218 in
2490 4155 2611 4220 hoc
2652 4177 2853 4244 regno

741 4257 1018 4344 Anglico
1051 4333 1058 4338 ,
1087 4259 1160 4322 111
1225 4257 1506 4322 culmine
1569 4255 1973 4342 praelationis
2042 4255 2569 4338 conscenderunt,
2636 4255 2853 4336 duces„
2886 4257 3057 4324 1460

745 4451 838 4456 ...φημ
841 4451 850 4454 .
859 4449 956 4456 .-..,..-
959 4449 1024 4456 .--.,..
1027 4449 1040 4454 ..
1043 4449 1048 4454 .
1051 4449 1062 4454 -
1065 4451 1090 4456 ,...
1093 4451 1096 4454 .
1099 4451 1116 4454 -.
1125 4451 1132 4454 .
1135 4449 1150 4454 -
1155 4449 1276 4454 ...n-...nm
1279 4449 1324 4456 -ῌ,
1327 4449 1498 4456 ——n--u-—a
1513 4449 1600 4456 .-.ῃ-
1603 4449 1640 4456 --aeu
1645 4449 1660 4454 -
1663 4449 1684 4456 -
1689 4449 1730 4456 -ι-
1733 4449 1871 4456 η--η-ψ-η-
1874 4451 2853 4458 Q-—-——.——.-——-w-—-u

779 4573 794 4600 ¹
819 4569 872 4620 A
893 4569 1000 4620 leaf
1013 4567 1060 4618 is
1077 4569 1176 4620 lost
1195 4567 1330 4620 here.
1918 4573 1939 4600 ³
1962 4569 2069 4620 MS.
2108 4563 2345 4636 tyn-rahni.

777 4651 798 4680 ²
819 4645 1084 4712 attitulare,
1099 4649 1176 4708 i,e.
1191 4649 1438 4710 dedicare,
1453 4663 1763 4708 consecrare.
1916 4651 1937 4682 ⁴
1960 4651 2073 4702 MS.
2110 4651 2467 4722 mundadani3.'
