3484 5700
717 834 848 899 418
941 890 944 895 .
1251 812 1278 883 ἦ
1619 846 1775 897 mrr.
1818 846 1905 897 or

719 1026 958 1093 fornice
1019 1024 1388 1111 simpliciter
1447 1026 1670 1113 surgit,
1739 1026 1959 1091 cocleis
2018 1026 2461 1111 multipliciter
2504 1046 2585 1089 ex
2642 1028 2783 1091 arte

713 1126 1204 1191 ascendentibus
1273 1128 1562 1215 plurimis
1627 1128 1945 1209 tumescit,
2014 1128 2243 1191 deinde
2316 1150 2469 1193 vero
2516 1128 2785 1215 simplici
2814 1128 2981 1195 1005
3096 1122 3101 1127 ’

721 1248 904 1293 muro
977 1248 1178 1313 usque
1249 1230 1334 1293 ad
1415 1236 1664 1295 tectum
1735 1230 2019 1317 ligneum
2108 1230 2369 1315 plumbo
2446 1230 2789 1315 diligenter

721 1332 964 1393 tectum
1051 1330 1354 1415 pervenit.
1493 1332 1732 1397 Subter
1806 1352 1957 1397 vero
2048 1336 2115 1395 et
2202 1352 2395 1417 supra
2486 1330 2789 1415 disposite

721 1430 1080 1495 educuntur
1129 1432 1464 1511 domicilia,
1515 1434 1837 1497 memoriis
1888 1430 2359 1515 Apostolorum,
2410 1436 2787 1517 martyrum,

615 1592 626 1605 ,
721 1532 1164 1613 confessorum,
1213 1556 1286 1599 ac
1329 1532 1660 1617 virginum
1723 1530 2145 1597 consecranda
2194 1554 2309 1619 per
2368 1556 2483 1599 sua
2548 1534 2791 1599 altaria.

621 1684 624 1687 .
721 1632 886 1699 Haec
937 1640 1154 1697 autem
1195 1632 1642 1717 multiplicitas
1691 1638 1831 1697 tam
1874 1634 2047 1699 vasti
2094 1636 2301 1719 operis
2348 1640 2537 1699 tanto
2588 1634 2795 1719 spatio
2822 1638 2993 1701 1010

421 1814 430 1821 .
715 1734 804 1797 ab
845 1734 1112 1797 Oriente
1157 1732 1390 1799 ordita1
1437 1740 1538 1799 est
1579 1734 1819 1799 veteris
1856 1734 2097 1819 templi,
2136 1756 2219 1799 ne
2260 1734 2501 1799 scilicet
2536 1736 2795 1799 interim

429 1824 490 1929 p,
527 1842 626 1907 24,
717 1834 882 1899 inibi
925 1840 1388 1901 commorantes
1423 1836 1654 1901 fratres
1695 1842 2001 1903 vacarent
2044 1858 2085 1901 a
2126 1836 2391 1901 servitio
2430 1834 2683 1913 Christi,
2720 1841 2799 1901 ut

717 1936 918 2003 etiam
961 1938 1174 2023 aliqua
1211 1946 1360 2025 pars
1395 1938 1672 2023 spatiose
1715 1938 1961 2001 subiret
1994 1938 2443 2023 intel-jaciendi
2476 1938 2799 2003 vestibuli.

383 2058 616 2109 Restora-
807 2040 904 2103 At
947 2062 1102 2103 vero
1161 2038 1330 2103 solus
1387 2062 1504 2103 rex
1547 2062 1680 2103 non
1723 2044 2133 2123 operaretur3
2196 2040 2283 2103 ad
2326 2038 2801 2103 aemulationem

383 2124 576 2241 333&ng
599 2190 670 2253 by
719 2140 1006 2225 ejusdem
1073 2142 1212 2205 Deo
1285 2146 1560 2227 aceeptae
1621 2142 2027 2209 intentionis,
2062 2140 2237 2205 thori
2312 2140 2449 2223 ejus
2514 2140 2803 2205 consocia
2828 2140 2997 2205 1015

383 2258 468 2307 the
489 2270 662 2323 queen.
705 2242 1068 2325 <probabilis
1133 2242 1358 2327 regina
1417 2242 1837 2327 protrahitur.
1952 2242 2369 2325 Prosequitur
2434 2246 2501 2307 et
2560 2242 2699 2325 ipsa
2766 2262 2801 2305 e

717 2344 1004 2435 vestigio,
1075 2344 1376 2409 affectum
1463 2344 1634 2429 regis
1721 2344 1957 2409 affectu
2044 2364 2179 2421 su0,
2270 2340 2805 2427 devotionemque

719 2444 930 2509 cordis
997 2444 1096 2509 sui
1169 2446 1240 2509 in
1303 2450 1528 2511 sancta
1591 2446 1853 2509 ecclesia
1916 2446 2151 2529 probat
2216 2448 2283 2509 et
2328 2444 2469 2529 ipsa
2534 2444 2605 2507 in
2672 2466 2805 2511 suae

719 2546 1116 2611 educationis
1181 2546 1356 2611 loco:
1435 2545 1722 2613 Wiltuni
1790 2546 1963 2611 enim
2030 2550 2191 2611 tunc
2264 2546 2579 2631 temporis
2648 2544 2807 2611 licet
2904 2594 2911 2601 .

707 2646 1086 2711 ⁴coenobium
1161 2652 1328 2711 esset
1407 2646 1793 2711 ancillarum
1870 2646 2133 2725 Christi,
2210 2646 2477 2711 chorus2
2552 2668 2807 2733 quoque
2834 2644 3007 2707 1020

705 2770 852 2813 non
917 2748 1134 2811 minus
1201 2748 1624 2833 antiquitatis
1685 2748 2007 2835 veteri[s]‚
2076 2748 2299 2833 ibique
2370 2752 2807 2833 competenter

713 2851 928 2916 locata
995 2857 1418 2916 veneraretur
1483 2851 1624 2934 ejus
1691 2851 2025 2936 aequivoca
2086 2855 2311 2914 sancta
2372 2851 2679 2938 Aedgith,
2726 2851 2807 2918 de

715 2953 898 3036 cujus
937 2953 1246 3040 progenie
1279 2953 1458 3016 idem
1501 2975 1622 3016 rex
1663 2953 2071 3018 Aedwardus
2114 2953 2549 3030 descenderat,
2592 2953 2811 3040 lignea

709 3051 938 3120 tamen
999 3053 1216 3122 adhuc
1291 3055 1424 3120 illic
1487 3055 1753 3120 ecclesia
1814 3055 2051 3118 stabat.
2142 3055 2421 3118 Nullum
2488 3055 2807 3138 siquidem
2914 3115 2919 3118 .

711 3157 922 3222 locum
967 3157 1176 3242 magis
1221 3157 1580 3222 aestimavit
1639 3157 1949 3220 meritum
1992 3157 2361 3220 devotionis
2406 3177 2541 3220 suae,
2588 3157 2809 3220 labore
2838 3151 3009 3214 1025

711 3261 782 3322 et
827 3257 1064 3334 studiO,
1113 3277 1308 3342 quam
1371 3279 1522 3322 eum
1567 3277 1769 3340 quam
1826 3257 2129 3322 meminit
2174 3257 2535 3322 elaborasse
2592 3259 2665 3322 in
2708 3259 2813 3322 sui

705 3359 754 3422 :d
763 3363 1126 3438 ocumentO,
1203 3361 1270 3424 et
1341 3359 1438 3424 ibi
1519 3359 1933 3444 potissimum
2000 3381 2111 3424 eas
2186 3359 2471 3424 virtutes
2546 3359 2811 3438 addicit,

709 3481 832 3546 per
887 3481 1070 3546 quas,
1117 3465 1196 3524 ut
1241 3461 1610 3548 Anglorum
1667 3463 1897 3546 regina
1958 3461 2169 3538 fieret,
2230 3461 2467 3526 idonea
2528 3459 2815 3526 inveniri

705 3563 970 3628 meruit.
1081 3561 1426 3646 Nusquam
1491 3583 1747 3646 quoque
1810 3563 2087 3628 credidit
2132 3559 2551 3628 elemosinam
2602 3563 2813 3648 magis
2922 3575 2929 3582 ·

711 3663 800 3726 iri
873 3663 1144 3742 salvam,
1201 3685 1396 3748 quam
1471 3663 1590 3728 ubi
1663 3663 1963 3730 infirmus
2040 3685 2233 3728 sexus
2310 3667 2377 3728 et
2444 3663 2661 3728 minus
2742 3663 2815 3730 in
2840 3655 3017 3718 1030

713 3765 1006 3836 aedificiis
1069 3763 1298 3832 efficax
1365 3765 1574 3832 altius
1649 3765 2075 3850 penuriarum
2150 3765 2357 3830 sentit
2422 3765 2809 3852 angustiam,

713 3867 784 3928 et
857 3865 1076 3928 minus
1149 3889 1264 3952 per
1305 3889 1376 3932 se
1437 3867 1522 3930 ad
1595 3867 1767 3932 hane
1824 3867 2083 3952 proficit
2148 3867 2531 3952 pellendam.
2622 3867 2813 3946 Quod

715 3966 1096 4030 clementius
1151 3967 1500 4030 intendens
1559 3989 1676 4050 per
1735 3991 1821 4044 se,
1866 3973 2099 4052 utpote
2162 3969 2277 4050 qui
2336 3989 2467 4052 per·
2510 3969 2813 4054 spiritum

713 4069 846 4132 Dei
911 4067 1372 4132 misericordiae
1433 4067 1797 4132 visceribus
1856 4067 2183 4144 affluebat,
2230 4067 2339 4132 hic
2400 4069 2579 4154 regio
2624 4093 2815 4156 opere

713 4171 1048 4256 lapideum
1123 4167 1594 4234 monasterium
1663 4167 1933 4234 inchoat
1994 4167 2489 4254 ferventiusque
2562 4157 2817 4238 instans
2844 4165 3017 4228 1035

715 4273 1040 4360 operarios
1087 4275 1392 4338 maturat.
1489 4269 1923 4336 Contendunt
1964 4271 2119 4336 hinc
2162 4293 2299 4350 rex,
2346 4273 2531 4336 illinc
2572 4275 2845 4360 regina„

717 4375 1138 4442 contentione
1207 4375 1350 4440 Deo
1417 4379 1626 4462 grata,
1687 4375 1769 4440 in
1842 4373 2129 4438 invicem
2194 4395 2453 4460 quoque
2520 4397 2655 4440 non
2720 4377 2819 4440 in-

1007 4705 1022 4734 ¹
1047 4701 1160 4780 MS.
1197 4703 1418 4756 orditum.
2080 4707 2101 4736 ²
2124 4699 2235 4754 MS.
2270 4701 2477 4758 chorum,

3292 2586 3295 2609 -.
3292 2570 3295 2575 .
3278 2472 3295 2529 ,mk
3288 2376 3295 2463 --.·
3274 2248 3295 2357 .—‘..¹.....-
3284 1968 3295 2239 -...-Μ-..,....,.
3278 1870 3295 1891 .“ι
3292 1836 3295 1843 ..
3278 1692 3295 1765 ..mn-h

3290 3331 3295 3348 ...
3248 2959 3295 3310 ωᾼω...ντί’κΜ-Μ
3292 2935 3295 2950 ..
3292 2881 3295 2884 .
3292 2849 3295 2852 .
3290 2730 3295 2747 ..
3292 2656 3295 2675 -.
